@article{techcrunch:online,
author = {TechCrunch},
title = {Instagram hits 1 billion monthly users, up from 800M in September},
howpublished = {\url{https://techcrunch.com/2018/06/20/instagram-1-billion-users/}},
month = {06},
year = {2018},
note = {(Accessed on 04/22/2019)}
}
@article{braas,
Author = {M. Brass and R.M. Schmitt and S. Spengler and G. Gergely},
Date-Added = {2014-01-27 00:01:07 +0100},
Date-Modified = {2014-01-31 11:20:30 +0100},
Journal = {Current {B}iology},
Number = {24},
Pages = {2117--2121},
Title = {Investigating Action Understanding: Inferential Processes versus Action Simulation},
Volume = {17},
Year = {2007}}
